@book{cybenko,
  title={Approximations by Superpositions of a Sigmoidal Function},
  author={Cybenko, G.},
  series={Report},
  url={https://books.google.com/books?id=Xm3HtgAACAAJ},
  year={1989},
  publisher={University of Illinois at Urbana-Champaign, Center for Supercomputing Research and Development}
}

@book{conway,
  title={A Course in Functional Analysis},
  author={Conway, J.B.},
  isbn={9781475738285},
  series={Graduate Texts in Mathematics},
  url={https://books.google.com/books?id=ccEGCAAAQBAJ},
  year={2013},
  publisher={Springer New York}
}

@book{rudin,
  title={Functional Analysis},
  author={Rudin, W.},
  isbn={9780070542365},
  lccn={lc90005677},
  series={International series in pure and applied mathematics},
  url={https://books.google.com/books?id=Sh\_vAAAAMAAJ},
  year={1991},
  publisher={McGraw-Hill}
}